<record><leader>00000cas a22000007a 4500</leader><controlfield tag="001">28923274</controlfield><controlfield tag="008">931001d18441844mauwr ne      0    0eng d</controlfield><datafield ind1=" " ind2=" " tag="010"><subfield code="a">sn 93059347 </subfield></datafield><datafield ind1=" " ind2=" " tag="040"><subfield code="a">MGN</subfield><subfield code="b">eng</subfield><subfield code="c">MGN</subfield><subfield code="d">OCLCQ</subfield></datafield><datafield ind1=" " ind2=" " tag="042"><subfield code="a">msc</subfield></datafield><datafield ind1="0" ind2="0" tag="245"><subfield code="a">Danvers Whig.</subfield></datafield><datafield ind1=" " ind2=" " tag="260"><subfield code="a">Danvers [Mass.] :</subfield><subfield code="b">Whig Vigilance Committee</subfield></datafield><datafield ind1=" " ind2=" " tag="300"><subfield code="a">v.</subfield></datafield><datafield ind1=" " ind2=" " tag="310"><subfield code="a">Weekly</subfield></datafield><datafield ind1="0" ind2=" " tag="362"><subfield code="a">Vol. 1, no. 1 (Oct. 5, 1844)-v. 1, no. 6 (Nov. 9, 1844).</subfield></datafield><datafield ind1=" " ind2=" " tag="500"><subfield code="a">Printer: Samuel T. Damon.</subfield></datafield><datafield ind1=" " ind2=" " tag="500"><subfield code="a">Whig campaign paper.</subfield></datafield><datafield ind1=" " ind2=" " tag="752"><subfield code="a">United States</subfield><subfield code="b">Massachusetts</subfield><subfield code="c">Essex</subfield><subfield code="d">Danvers.</subfield></datafield></record>